@article{Robertson_1990,
  author =       "Douglas S. Robertson",
  year =         "1990",
  title =        "{The Information Revolution}",
  volume =       {17},
  number =       {2},
  pages =          {235-254},
  journal =      {Communication Research},
  doi =          {10.1177/009365090017002005}
}
@book{Aggarwal_2017,
  author =       "Charu C. Aggarwal",
  year =         "2017",
  title =        "{Outlier Analysis}",
  publisher =    "Springer",
  edition =      {2}
}
@book{Xu_2008,
  author =       "Rui Xu and Donald C. Wunsch",
  year =         "2008",
  title =        "{Clustering}",
  publisher =    "Wiley"
}
@book{Duda_2000,
  author =       "Richard O. Duda and Peter E. Hart and David G. Storck",
  year =         "2000",
  title =        "{Pattern Classification}",
  publisher =    "Wiley",
  edition =      {2}
}
@book{Nisbet_2018,
  author =       "Robert Nisbet and Gary Miner and Ken Yale",
  year =         "2018",
  title =        "{Handbook of Statistical Analysis and Data Mining Applications}",
  publisher =    "Elsevier",
  edition =      {2}
}
@book{Aggarwal_2015,
  author =       "Charu C. Aggarwal",
  year =         "2015",
  title =        "{Data Mining}",
  publisher =    "Springer"
}
@book{Zieba_2013,
  author =       "Andrzej Zięba",
  year =         "2013",
  title =        "{Analiza danych w naukach ścisłych i technice}",
  publisher =    "PWN"
}
@book{Kulczycki_2007,
  author =       "Piotr Kulczycki and Olgierd Hryniewicz and Janusz Kacprzyk",
  year =         "2007",
  title =        "{Techniki informacyjne w badaniach systemowych}",
  publisher =    "WNT"
}
@book{Larose_2014,
  author =       "Daniel T. Larose and Chantal D. Larose",
  year =         "2014",
  title =        "{Discovering Knowledge in Data. An Introduction to Data Mining}",
  publisher =    "Wiley",
  edition =      {2}
}
@book{Casella_2002,
  author =       "George Casella and Roger Lee Berger",
  year =         "2002",
  title =        "{Statistical Inference}",
  publisher =    "Duxbury Press",
  edition =      {2}
}
@book{Kulczycki_2005,
  author =       "Piotr Kulczycki",
  year =         "2005",
  title =        "{Estymatory jądrowe w analizie systemowej}",
  publisher =    "WNT"
}
@book{Wand_1995,
  author =       "M. P. Wand and M. C. Jones",
  year =         "1995",
  title =        "{Kernel Smoothing}",
  publisher =    "Chapman and Hall"
}
@book{Hawkins_1980,
  author =       "D. Hawkins",
  year =         "1980",
  title =        "{Identification of Outliers}",
  publisher =    "Chapman and Hall"
}
@article{Aggarwal_2001,
  author =       "Charu C. Aggarwal and Philip S. Yu",
  year =         "2001",
  title =        {Outlier Detection for High Dimensional Data},
  volume =       {30},
  publisher =    {Association for Computing Machinery},
  journal =      {ACM SIGMOD Record},
  doi =          {10.1145/376284.375668}
}
@article{Knorr_1999,
  author =       "Edwin M. Knorr and Raymond T. Ng",
  year =         "1999",
  title =        {Finding Intensional Knowledge of Distance-Based Outliers},
  journal =      {VLDB},
}
@article{Hodge_2004,
  author =       {Victoria J. Hodge and Jim Austin},
  year =         {2004},
  pages =        {85-126},
  title =        {A Survey of Outlier Detection Methodologies},
  volume =       {22},
  journal =      {Artificial Intelligence Review},
  doi =          {10.1023/B:AIRE.0000045502.10941.a9}
}
@article{Rousseeuw_2011,
  author =       {Peter Rousseeuw and Mia Hubert},
  year =         {2011},
  pages =        {73-79},
  title =        {Robust statistics for outlier detection},
  volume =       {1},
  journal =      {Wiley Interdisc. Rew.: Data Mining and Knowledge Discovery},
  doi =          {10.1002/widm.2}
}
@book{Barnett_1978,
  author =       "Vic Barnett and Toby Lewis",
  year =         "1978",
  title =        "{Outliers in Statistical Data}",
  publisher =    "Wiley",
  edition =      {3}
}
@article{Parrish_1990,
  author =       {Rudolph S. Parrish},
  year =         {1990},
  pages =        {247-257},
  title =        {Comparison of Quantile Estimators in Normal Sampling},
  volume =       {46},
  journal =      {Biometrics},
  publisher =    {JSTOR},
  doi =          {10.2307/2531649}
}
@article{Hyndman_1996,
  author =       {Rob J. Hyndman and Yanan Fan},
  year =         {1996},
  pages =        {361-365},
  title =        {Sample Quantiles in Statistical Packages},
  volume =       {50},
  number =       {4},
  journal =      {The American Statistician},
  publisher =    {Taylor & Francis},
  doi =          {10.1080/00031305.1996.10473566}
}
@book{Walker_1958,
  author =       "Helen Mary Walker and Joseph Lev",
  year =         "1958",
  title =        "{Elementary Statistical Methods}",
  publisher =    "Holt",
  edition =      {2}
}
@book{Silverman_1986,
  author =       "Bernard W. Silverman",
  year =         "1986",
  title =        "{Density Estimation for Statistics and Data Analysis}",
  publisher =    "Chapman and Hall"
}
@article{Xu_2005,
  author =       {Rui Xu and Donald C. Wunsch},
  journal =      {IEEE Transactions on Neural Networks}, 
  title =        {Survey of clustering algorithms}, 
  year =         {2005},
  volume =       {16},
  number =       {3},
  pages =        {645-678},
  doi =          {10.1109/TNN.2005.845141}}
}  
@article{Jain_1999,
author =         {Jain, A. K. and Murty, M. N. and Flynn, P. J.},
title =          {Data Clustering: A Review},
year =           {1999},
publisher =      {Association for Computing Machinery},
volume =         {31},
number =         {3},
issn =           {0360-0300},
doi =            {10.1145/331499.331504}
}